@ARTICLE{TY1,
  author={Taesang Yoo and Andrea Goldsmith},
  title={On the Optimality of Multiantenna Broadcast Scheduling Using Zero-Forcing Beamforming},
  journal = {IEEE Journal on Selected Areas in Communications},
  year = {2006},
  volume = {24},
  pages = {528-541}
}
